@string{intjnme=    {{Int. J. Num. Meth. Eng.}}}		   
@string{jcp=    {{J. Comput. Phys.}}}		   
@string{bssa=    {{Bull. Seis. Soc. Am.}}}		   
@string{gjras=  {{Geophys. J. Roy. Astr. Soc.}}}		  
@string{gji=  {{Geophys. J. Int.}}}		  
@string{gp=     {{Geophys. Prosp.}}}			  
@string{grb=    {{Geophys. Res. Bull.}}}			  
@string{grl=    {{Geophys. Res. Lett.}}}			   
@string{geop=   {{Geophys.}}}				   
@string{jasa=   {{J. Acoust. Soc. Am.}}}			   
@string{jap=    {{J. Appl. Phys.}}}			   
@string{jgr=    {{J. Geophys. Res.}}}			   
@string{pag=    {{Pure Appl. Geophys.}}}		   
@string{siamjam={{SIAM J. Appl. Math.}}}			   
@string{cmame={{Comp. Meth. Appl. Mech. Eng.}}}			   

%%%%%%%%%%%%%%%%%%%%%%%%%%%
%  Ph.D. THESIS
%%%%%%%%%%%%%%%%%%%%%%%%%%%

@phdthesis{Amp02,
   author    = {J.-P. Ampuero},
   title     = {Etude physique et num\'erique de la nucl\'eation des s\'eismes},
   year      = {2002},
   address   = {Paris},
   school    = {Universit\'e Paris 7, Denis Diderot}
}

@PhdThesis{Delavaud2007,
  title={Simulation num{\'e}rique de la propagation d'ondes en milieu g{\'e}ologique complexe: application {\`a} l'{\'e}valuation de la r{\'e}ponse sismique du bassin de Caracas (Venezuela)},
  author={Delavaud, E.},
  year={2007},
  school={Institut de Physique du Globe de Paris}
}


@PhdThesis{Oral2016,
  title={Mod{\'e}lisation multi-dimensionnelle de la propagation des ondes sismiques dans les milieux lin{\'e}aires et non-lin{\'e}aires.},
  author={Oral, E.},
  year={2016},
  school={Universit{\'e} Paris-Est}
}


%%%%%%%%%%%%%%%%%%%%%%%%%%%
%  ARTICLES
%%%%%%%%%%%%%%%%%%%%%%%%%%%

@ARTICLE{Bonilla2005,
AUTHOR = {Bonilla, L. F. and Archuleta, R. J. and Lavall{\'e}e},
TITLE = {Hysteretic and dilatant behavior of cohesionless soils and their effects on nonlinear site response: Field data observations and modeling},
JOURNAL = {Bulletin of the Seismological Society of America},
volume = {95},
number = {6},
YEAR = {2005},
pages = {2373-2395}
} 


@article{HardinDrnevich1972,
  title={Shear modulus and damping in soils: measurement and parameter effects},
  author={Hardin, B. O. and Drnevich, V. P.},
  journal={Journal of Soil Mechanics and Foundations Div},
  volume={98},
  number={sm6},
  year={1972}
}

@ARTICLE{Iaietal1990,
AUTHOR = {S. Iai and Y. Matsunaga and T. Kameoka},
TITLE = {Parameter identification for a cyclic
mobility model},
JOURNAL = {Report of the Port and harbour Research Institute},
YEAR = {1990},
volume = {29(4)}
} 


@ARTICLE{Iai1995,
  title={Response of a dense sand deposit during 1993 Kushiro-Oki earthquake},
  author={Iai, S. and Morita, T. and Kameoka, T. and Matsunaga, Y. and Abiko, K.},
  journal={Soils and Foundations},
  volume={35},
  number={1},
  pages={115-131},
  year={1995}
}


@ARTICLE{Iwan1967,
AUTHOR = {Iwan, W. D.},
TITLE = {On a class of models for the yielding behavior of continuous and composite systems},
JOURNAL = {Journal of Applied Mechanics},
volume = {34},
number = {3},
YEAR = {1967},
pages = {612-617}
} 


@ARTICLE{LiuArchuleta2006,
  title={Efficient modeling of Q for 3D numerical simulation of wave propagation},
  author={Liu, P. and Archuleta, R. J.},
  journal={Bulletin of the Seismological Society of America},
  volume={96},
  number={4A},
  pages={1352--1358},
  year={2006},
  publisher={Seismological Society of America},
}





%%%%%%%%%%%%%%%%%%%%%%%
%  FIN
%%%%%%%%%%%%%%%%%%%%%%
